<record><leader>00000cas a2200000 a 4500</leader><controlfield tag="001">34199884</controlfield><controlfield tag="007">hd afu---baca</controlfield><controlfield tag="008">960215d19061928nbuwr nea     0    0eng d</controlfield><datafield ind1=" " ind2=" " tag="010"><subfield code="a">sn 95073436 </subfield></datafield><datafield ind1=" " ind2=" " tag="040"><subfield code="a">NVG</subfield><subfield code="b">eng</subfield><subfield code="c">NVG</subfield><subfield code="d">OCL</subfield><subfield code="d">OCLCQ</subfield><subfield code="d">OCLCF</subfield><subfield code="d">OCLCO</subfield></datafield><datafield ind1="1" ind2=" " tag="029"><subfield code="a">AU@</subfield><subfield code="b">000022177338</subfield></datafield><datafield ind1=" " ind2=" " tag="042"><subfield code="a">msc</subfield></datafield><datafield ind1=" " ind2=" " tag="043"><subfield code="a">n-us-nb</subfield></datafield><datafield ind1="0" ind2=" " tag="130"><subfield code="a">Sunday world-herald (Omaha, Neb. : 1906)</subfield></datafield><datafield ind1="1" ind2="0" tag="245"><subfield code="a">Sunday world-herald</subfield><subfield code="h">[microform].</subfield></datafield><datafield ind1=" " ind2=" " tag="260"><subfield code="a">Omaha, Neb. :</subfield><subfield code="b">World Pub. Co.,</subfield><subfield code="c">1906-1928.</subfield></datafield><datafield ind1=" " ind2=" " tag="300"><subfield code="a">24 v. ;</subfield><subfield code="c">56 cm.</subfield></datafield><datafield ind1=" " ind2=" " tag="310"><subfield code="a">Weekly</subfield></datafield><datafield ind1="0" ind2=" " tag="362"><subfield code="a">Vol. 41, no. 29 (Apr. 15, 1906)-v. 64, no. 5 (Nov. 4, 1928).</subfield></datafield><datafield ind1=" " ind2=" " tag="515"><subfield code="a">Numbering irregular.</subfield></datafield><datafield ind1=" " ind2=" " tag="580"><subfield code="a">Daily eds.: Evening world-herald (Omaha, Neb.); Morning world-herald (Omaha, Neb. : 1890).</subfield></datafield><datafield ind1=" " ind2=" " tag="533"><subfield code="a">Microfilm.</subfield><subfield code="b">New York, [N.Y.] :</subfield><subfield code="c">Recordak Corporation.</subfield><subfield code="e">268 microfilm reels ; 35 mm.</subfield></datafield><datafield ind1=" " ind2="0" tag="651"><subfield code="a">Omaha (Neb.)</subfield><subfield code="v">Newspapers.</subfield></datafield><datafield ind1=" " ind2="7" tag="655"><subfield code="a">Newspapers.</subfield><subfield code="2">fast</subfield><subfield code="0">(OCoLC)fst01423814</subfield></datafield><datafield ind1=" " ind2="7" tag="651"><subfield code="a">Nebraska</subfield><subfield code="z">Omaha.</subfield><subfield code="2">fast</subfield><subfield code="0">(OCoLC)fst01204995</subfield></datafield><datafield ind1=" " ind2=" " tag="752"><subfield code="a">United States</subfield><subfield code="b">Nebraska</subfield><subfield code="c">Douglas</subfield><subfield code="d">Omaha.</subfield></datafield><datafield ind1="1" ind2=" " tag="775"><subfield code="t">Evening world-herald (Omaha, Neb.)</subfield></datafield><datafield ind1="1" ind2=" " tag="775"><subfield code="t">Morning world-herald (Omaha, Neb. : 1890)</subfield><subfield code="w">(DLC)sn 83045765</subfield></datafield><datafield ind1="1" ind2=" " tag="776"><subfield code="c">Original</subfield><subfield code="w">(DLC)sn 83045767</subfield></datafield><datafield ind1="0" ind2="1" tag="780"><subfield code="t">Morning world-herald (Omaha, Neb. : 1890)</subfield></datafield><datafield ind1="0" ind2="0" tag="785"><subfield code="t">Omaha world-herald (Omaha, Neb. : 1928 : Sunday ed.)</subfield><subfield code="w">(DLC)sn 95073439</subfield></datafield></record>